[gd_scene load_steps=9 format=3 uid="uid://dflbkovg7maun"]

[ext_resource type="Script" path="res://player.gd" id="1_yuvrj"]
[ext_resource type="Texture2D" uid="uid://djugnb5hh60e1" path="res://addons/kenney_prototype_tools/textures/green/texture_01.png" id="2_l10jx"]
[ext_resource type="Script" path="res://SpringArmPivot.gd" id="3_hdvhv"]
[ext_resource type="PackedScene" uid="uid://pmlebx13id02" path="res://addons/PolygonPrototype_SourceFiles/_SourceFiles/Characters/SK_Character_Dummy_Male_01.fbx" id="4_uhhat"]

[sub_resource type="CapsuleShape3D" id="CapsuleShape3D_jjp63"]
radius = 0.3
height = 1.8

[sub_resource type="StandardMaterial3D" id="StandardMaterial3D_7fs84"]
albedo_texture = ExtResource("2_l10jx")

[sub_resource type="CapsuleMesh" id="CapsuleMesh_t311o"]

[sub_resource type="PrismMesh" id="PrismMesh_77u2y"]
size = Vector3(0.128, 0.165, 0.4)

[node name="CharacterBody3D" type="CharacterBody3D"]
transform = Transform3D(1, 0, 0, 0, 1, 0, 0, 0, 1, 0, 1, 0)
script = ExtResource("1_yuvrj")

[node name="CollisionShape3D" type="CollisionShape3D" parent="."]
transform = Transform3D(1, 0, 0, 0, 1, 0, 0, 0, 1, 0, -0.1, 0)
shape = SubResource("CapsuleShape3D_jjp63")

[node name="Model" type="Node3D" parent="."]

[node name="MeshInstance3D" type="MeshInstance3D" parent="Model"]
visible = false
material_override = SubResource("StandardMaterial3D_7fs84")
mesh = SubResource("CapsuleMesh_t311o")
skeleton = NodePath("../../CollisionShape3D")

[node name="MeshInstance3D2" type="MeshInstance3D" parent="Model"]
transform = Transform3D(1, 0, 0, 0, 1, 0, 0, 0, 1, 0, 0.443995, -0.619213)
visible = false
mesh = SubResource("PrismMesh_77u2y")
skeleton = NodePath("../..")

[node name="SK_Character_Dummy_Male_01" parent="Model" instance=ExtResource("4_uhhat")]
transform = Transform3D(-1, 0, -8.74228e-08, 0, 1, 0, 8.74228e-08, 0, -1, 0, -1, 0)

[node name="SpringArmPivot" type="Node3D" parent="."]
script = ExtResource("3_hdvhv")

[node name="SpringArm3D" type="SpringArm3D" parent="SpringArmPivot"]
transform = Transform3D(1, 0, 0, 0, 0.999627, -0.027311, 0, 0.027311, 0.999627, 0, 0.329573, 0.00421995)
spring_length = 5.0
margin = 0.2

[node name="Camera3D" type="Camera3D" parent="SpringArmPivot/SpringArm3D"]
transform = Transform3D(1, 0, 0, 0, 0.965926, 0.258819, 0, -0.258819, 0.965926, 0, -0.00915939, -0.00432662)
